@misc{sears,
  title={F{\'\i}sica Universitaria con f{\'\i}sica moderna. Vol. 2. Treceava edici{\'o}n. Ed},
  author={Young, H and Freedman, RA and Sears, F and Zemansky, M},
  year={2013},
  publisher={Pearson. M{\'e}xico}
}

@misc{tipler,
  title={F{\'\i}sica moderna},
  author={Tipler, Paul Allen},
  year={1994},
  publisher={Revert{\'e}}
}

@misc{burbano,
  title={F{\'\i}sica general},
  author={Burbano de Ercilla, Santiago and Burbano García, Enrique and Gracia Muñoz, Carlos},
  year={1993},
  publisher={T{\'e}bar}
}

